@article{aa,
  title={Computing as a discipline},
  author={Comer, Douglas E and Gries, David and Mulder, Michael C and Tucker, Allen and Turner, A Joe and Young, Paul R},
  journal={Communications of the ACM},
  volume={32},
  number={1},
  pages={9--23},
  year={1989},
  publisher={ACM New York, NY, USA}
}
@inproceedings{bb,
  title={Research paradigms in computer science},
  author={Wegner, Peter},
  booktitle={Proceedings of the 2nd international conference on Software engineering},
  pages={322--330},
  year={1976},
  organization={Citeseer}
}
@article{cc,
  title={Heads-up limit hold’em poker is solved},
  author={Bowling, Michael and Burch, Neil and Johanson, Michael and Tammelin, Oskari},
  journal={Science},
  volume={347},
  number={6218},
  pages={145--149},
  year={2015},
  publisher={American Association for the Advancement of Science}
}
@article{dd,
  title={Deepstack: Expert-level artificial intelligence in heads-up no-limit poker},
  author={Morav{\v{c}}{\'\i}k, Matej and Schmid, Martin and Burch, Neil and Lis{\`y}, Viliam and Morrill, Dustin and Bard, Nolan and Davis, Trevor and Waugh, Kevin and Johanson, Michael and Bowling, Michael},
  journal={Science},
  volume={356},
  number={6337},
  pages={508--513},
  year={2017},
  publisher={American Association for the Advancement of Science}
}
@article{ee,
  title={Superhuman AI for heads-up no-limit poker: Libratus beats top professionals},
  author={Brown, Noam and Sandholm, Tuomas},
  journal={Science},
  volume={359},
  number={6374},
  pages={418--424},
  year={2018},
  publisher={American Association for the Advancement of Science}
}
@article{ff,
  title={Superhuman AI for multiplayer poker},
  author={Brown, Noam and Sandholm, Tuomas},
  journal={Science},
  volume={365},
  number={6456},
  pages={885--890},
  year={2019},
  publisher={American Association for the Advancement of Science}
}
@article{gg,
  title={The lemonade stand game competition: solving unsolvable games},
  author={Zinkevich, Martin A and Bowling, Michael and Wunder, Michael},
  journal={ACM SIGecom Exchanges},
  volume={10},
  number={1},
  pages={35--38},
  year={2011},
  publisher={ACM New York, NY, USA}
}
@article{hh,
  title={有关军事人机混合智能的几点思考},
  author={刘伟，张玉坤，曹国熙},
  journal={火力与指挥控制},
  volume={43},
  number={10},
  pages={1--7},
  year={2018}
}